<record><leader>00000cas a2200000 a 4500</leader><controlfield tag="001">5232251</controlfield><controlfield tag="008">790802c19689999pauwr ne      0   a0eng d</controlfield><datafield ind1=" " ind2=" " tag="010"><subfield code="a">sn 79003449 </subfield></datafield><datafield ind1=" " ind2=" " tag="040"><subfield code="a">NSD</subfield><subfield code="b">eng</subfield><subfield code="c">NSD</subfield><subfield code="d">NPH</subfield><subfield code="d">NSD</subfield><subfield code="d">NPH</subfield><subfield code="d">OCL</subfield><subfield code="d">OCLCQ</subfield></datafield><datafield ind1=" " ind2=" " tag="012"><subfield code="k">1</subfield><subfield code="m">c</subfield></datafield><datafield ind1="1" ind2=" " tag="022"><subfield code="a">0193-581X</subfield><subfield code="l">0193-581X</subfield><subfield code="2">1</subfield></datafield><datafield ind1=" " ind2=" " tag="032"><subfield code="a">323110</subfield><subfield code="b">USPS</subfield></datafield><datafield ind1=" " ind2=" " tag="042"><subfield code="a">nsdp</subfield></datafield><datafield ind1="0" ind2=" " tag="130"><subfield code="a">Almanac (McMurray, Pa.)</subfield></datafield><datafield ind1=" " ind2="4" tag="222"><subfield code="a">The Almanac</subfield><subfield code="b">(McMurray)</subfield></datafield><datafield ind1="1" ind2="4" tag="245"><subfield code="a">The almanac.</subfield></datafield><datafield ind1=" " ind2=" " tag="260"><subfield code="a">McMurray, Pa. :</subfield><subfield code="b">Richard L. Barnes</subfield></datafield><datafield ind1=" " ind2=" " tag="300"><subfield code="a">v. :</subfield><subfield code="b">ill. (chiefly advertisements) ;</subfield><subfield code="c">39 cm.</subfield></datafield><datafield ind1=" " ind2=" " tag="310"><subfield code="a">Weekly</subfield></datafield><datafield ind1="1" ind2=" " tag="362"><subfield code="a">Began in 1968?</subfield></datafield><datafield ind1=" " ind2=" " tag="500"><subfield code="a">Serving the communities of: "Mt. Lebanon, Castle Shannon, Whitehall, Scott Twp., Upper St. Clair and Dormont."</subfield></datafield><datafield ind1=" " ind2=" " tag="588"><subfield code="a">Description based on: Vol. 7, no. 9 (Apr. 24, 1974).</subfield></datafield><datafield ind1=" " ind2=" " tag="752"><subfield code="a">United States</subfield><subfield code="b">Pennsylvania</subfield><subfield code="c">Washington</subfield><subfield code="d">McMurray.</subfield></datafield><datafield ind1=" " ind2=" " tag="936"><subfield code="a">July 18, 1979 (surrogate)</subfield></datafield></record>